% Encoding: UTF-8



@Book{key1,
  author         = {森正武},
  title          = {『数値解析(第2版)』},
  publisher      = {共立出版},
  year           = {2018}
},

@Book{key2,
  author         = {伊理正夫, 藤野和建},
  title          = {『数値計算の常識』},
  publisher      = {共立出版},
  year           = {2011},
}


@Comment{jabref-meta: databaseType:bibtex;}
